@book{Goodliffe2007,
  title = {Code Craft: The Practice of Writing Excellent Code},
  publisher = {No Starch Press},
  year = {2007},
  author = {Pete Goodliffe},
  isbn = {1-59327-119-0},
  owner = {Stefan},
  price = {$44.95},
  timestamp = {2008.12.20},
  totalpages = {624},
  url = {http://amazon.com/o/ASIN/1593271190/}
},
@misc{N端rnbergerWiki2024,
  title        = {N端rnberger Versicherung},
  author       = {Wikipedia},
  year         = 2024,
  note         = {Accessed: (15.11.2024)},
  howpublished = {\url{https://de.wikipedia.org/wiki/N端rnberger_Versicherung}}
}

@misc{Bafin2016,
  title = {Solvency II},
  author = {Bundesanstalt f端r Finanzdienstleistungsaufsicht},
  year = {2016},
  note = {Accessed: (14.12.2024)},
  howpublished = {\url{https://www.bafin.de/DE/Aufsicht/VersichererPensionsfonds/Allgemeines/SolvencyII/solvency_II_node.html}}
}

@misc{Debian2025,
  title = {C\# .NET versus Java fastest performance},
  author = {Debian},
  note = {Accessed: (06.01.2025)},
  howpublished = {\url{https://benchmarksgame-team.pages.debian.net/benchmarksgame/fastest/csharp.html}},
}